@article{cortes1995support,
  title={Support-vector networks},
  author={Cortes, C. and Vapnik, V.},
  journal={Machine learning},
  volume={20},
  number={3},
  pages={273--297},
  year={1995},
  publisher={Springer}
}


@article{breiman2001random,
  title={Random forests},
  author={Breiman, L.},
  journal={Machine learning},
  volume={45},
  number={1},
  pages={5--32},
  year={2001},
  publisher={Springer}
}

@article{cho2004gene,
  title={Gene selection and classification from microarray data using kernel machine},
  author={Cho, J.H. and Lee, D. and Park, J.H. and Lee, I.B.},
  journal={FEBS letters},
  volume={571},
  number={1-3},
  pages={93--98},
  year={2004},
  publisher={Elsevier}
}


@article{li2005analysis,
  title={Analysis of recursive gene selection approaches from microarray data},
  author={Li, F. and Yang, Y.},
  journal={Bioinformatics},
  volume={21},
  number={19},
  pages={3741},
  year={2005},
  publisher={Oxford Univ Press}
}

@article{hua2009performance,
  title={Performance of feature-selection methods in the classification of high-dimension data},
  author={Hua, J. and Tembe, W.D. and Dougherty, E.R.},
  journal={Pattern Recognition},
  volume={42},
  number={3},
  pages={409--424},
  year={2009},
  publisher={Elsevier}
}

@inproceedings{loscalzo2009consensus,
  title={Consensus group stable feature selection},
  author={Loscalzo, S. and Yu, L. and Ding, C.},
  booktitle={Proceedings of the 15th ACM SIGKDD international conference on Knowledge discovery and data mining},
  pages={567--576},
  year={2009},
  organization={ACM}
}

@inproceedings{yu2008stable,
  title={Stable feature selection via dense feature groups},
  author={Yu, L. and Ding, C. and Loscalzo, S.},
  booktitle={Proceeding of the 14th ACM SIGKDD international conference on Knowledge discovery and data mining},
  pages={803--811},
  year={2008},
  organization={ACM}
}

@article{yang2011robust,
  title={Robust Feature Selection for Microarray Data Based on Multi-Criterion Fusion},
  author={Yang, F. and Mao, K.},
  journal={Computational Biology and Bioinformatics, IEEE/ACM Transactions on},
  number={99},
  pages={1--1},
  year={2011},
  publisher={IEEE}
}

@article{he2010stable,
  title={Stable feature selection for biomarker discovery},
  author={He, Z. and Yu, W.},
  journal={Computational Biology and Chemistry},
  volume={34},
  number={4},
  pages={215--225},
  year={2010},
  publisher={Elsevier}
}

@book{friedman2001elements,
  title={The elements of statistical learning},
  author={Friedman, J. and Hastie, T. and Tibshirani, R.},
  volume={1},
  year={2001},
  publisher={Springer Series in Statistics}
}

@article{zou2008one,
  title={One-step sparse estimates in nonconcave penalized likelihood models},
  author={Zou, H. and Li, R.},
  journal={Annals of Statistics},
  volume={36},
  number={4},
  pages={1509},
  year={2008},
  publisher={NIH Public Access}
}

@article{park2007averaged,
  title={Averaged gene expressions for regression},
  author={Park, M.Y. and Hastie, T. and Tibshirani, R.},
  journal={Biostatistics},
  volume={8},
  number={2},
  pages={212--227},
  year={2007},
  publisher={Biometrika Trust}
}

@article{park2008penalized,
  title={Penalized logistic regression for detecting gene interactions},
  author={Park, M.Y. and Hastie, T.},
  journal={Biostatistics},
  volume={9},
  number={1},
  pages={30--50},
  year={2008},
  publisher={Biometrika Trust}
}

@article{huang2003gene,
  title={Gene expression predictors of breast cancer outcomes},
  author={Huang, E. and Cheng, S.H. and Dressman, H. and Pittman, J. and Tsou, M.H. and Horng, C.F. and Bild, A. and Iversen, E.S. and Liao, M. and Chen, C.M. and others},
  journal={The Lancet},
  volume={361},
  number={9369},
  pages={1590--1596},
  year={2003},
  publisher={Elsevier}
}

@article{huang2003expression,
  title={Gene expression phenotypic models that predict the activity of oncogenic pathways},
  author={Huang, E. and Ishida, S. and Pittman, J. and Dressman, H. and Bild, A. and Kloos, M. and D'Amico, M. and Pestell, R.G. and West, M. and Nevins, J.R. and others},
  journal={Nature genetics},
  volume={34},
  number={2},
  pages={226--230},
  year={2003}
}

@article{tolosi2011classification,
  title={Classification with correlated features: unreliability of feature ranking and solutions},
  author={Tolo{\c{s}}i, L. and Lengauer, T.},
  journal={Bioinformatics},
  volume={27},
  number={14},
  pages={1986--1994},
  year={2011},
  publisher={Oxford Univ Press}
}

@article{rapaport2008classification,
  title={Classification of arrayCGH data using fused SVM},
  author={Rapaport, F. and Barillot, E. and Vert, J.P.},
  journal={Bioinformatics},
  volume={24},
  number={13},
  pages={i375--i382},
  year={2008},
  publisher={Oxford Univ Press}
}

@article{meier2008group,
  title={The group lasso for logistic regression},
  author={Meier, L. and Van De Geer, S. and B{\"u}hlmann, P.},
  journal={Journal of the Royal Statistical Society: Series B (Statistical Methodology)},
  volume={70},
  number={1},
  pages={53--71},
  year={2008},
  publisher={Wiley Online Library}
}

@article{saeys2008robust,
  title={Robust feature selection using ensemble feature selection techniques},
  author={Saeys, Y. and Abeel, T. and Van de Peer, Y.},
  journal={Machine Learning and Knowledge Discovery in Databases},
  pages={313--325},
  year={2008},
  publisher={Springer}
}

@article{monti2003consensus,
  title={Consensus clustering: a resampling-based method for class discovery and visualization of gene expression microarray data},
  author={Monti, S. and Tamayo, P. and Mesirov, J. and Golub, T.},
  journal={Machine learning},
  volume={52},
  number={1},
  pages={91--118},
  year={2003},
  publisher={Springer}
}

@article{abeel2010robust,
  title={Robust biomarker identification for cancer diagnosis with ensemble feature selection methods},
  author={Abeel, T. and Helleputte, T. and Van de Peer, Y. and Dupont, P. and Saeys, Y.},
  journal={Bioinformatics},
  volume={26},
  number={3},
  pages={392--398},
  year={2010},
  publisher={Oxford Univ Press}
}